@misc{nsf2023,
  author       = {National Science Foundation},
  title        = {{Women, Minorities, and Persons with Disabilities in Science and Engineering}},
  year         = {2023},
  howpublished = {\url{https://ncses.nsf.gov/pubs/nsf23315/}}
}

@article{ohland2008,
  author  = {Matthew~W. Ohland and Guili Zhang and Brian~Thorndyke and Catherine~B. Brawner},
  title   = {Persistence, Engagement, and Migration in Engineering Programs},
  journal = {Journal of Engineering Education},
  year    = {2008},
  volume  = {97},
  number  = {3},
  pages   = {259--278},
  doi     = {10.1002/j.2168-9830.2008.tb00979.x}
}

@misc{abet2023,
  author       = {{ABET Engineering Accreditation Commission}},
  title        = {{Criteria for Accrediting Engineering Programs, 2023–2024}},
  howpublished = {\url{https://www.abet.org/accreditation/accreditation-criteria/}},
  year         = {2023}
}

@article{felder2005,
  author  = {Richard~M. Felder and Rebecca Brent},
  title   = {Understanding Student Differences},
  journal = {Journal of Engineering Education},
  year    = {2005},
  volume  = {94},
  number  = {1},
  pages   = {57--72},
  doi     = {10.1002/j.2168-9830.2005.tb00829.x}
}

@article{marbouti2016,
  author  = {Elnaz~A. Marbouti and Heidi~A. Diefes-Dux and Krishna~Madhavan},
  title   = {Models for Early Identification of At-Risk Students in a Course Using Standards-Based Grading},
  journal = {Computers \& Education},
  year    = {2016},
  volume  = {103},
  pages   = {1--15},
  doi     = {10.1016/j.compedu.2016.09.005}
}

@book{piaget1954,
  author    = {Jean Piaget},
  title     = {The Construction of Reality in the Child},
  publisher = {Basic Books},
  address   = {New York},
  year      = {1954}
}

@book{vygotsky1978,
  author    = {L.~S. Vygotsky},
  title     = {Mind in Society: The Development of Higher Psychological Processes},
  publisher = {Harvard University Press},
  address   = {Cambridge, MA},
  year      = {1978}
}

@article{deci2008,
  author  = {Edward~L. Deci and Richard~M. Ryan},
  title   = {Self‐Determination Theory: A Macrotheory of Human Motivation, Development, and Health},
  journal = {Canadian Psychology},
  year    = {2008},
  volume  = {49},
  number  = {3},
  pages   = {182--185},
  doi     = {10.1037/a0012801}
}

@article{smith2005,
  author  = {Karl~A. Smith and Sheri~D. Sheppard and David~W. Johnson and Roger~T. Johnson},
  title   = {Pedagogies of Engagement: Classroom‐Based Practices},
  journal = {Journal of Engineering Education},
  year    = {2005},
  volume  = {94},
  number  = {1},
  pages   = {87--101},
  doi     = {10.1002/j.2168-9830.2005.tb00831.x}
}

@article{auer2002,
  author  = {Peter Auer and Nicolo Cesa-Bianchi and Paul Fischer},
  title   = {Finite‐Time Analysis of the Multiarmed Bandit Problem},
  journal = {Machine Learning},
  year    = {2002},
  volume  = {47},
  number  = {2–3},
  pages   = {235--256},
  doi     = {10.1023/A:1013689704352}
}

@inproceedings{li2010,
  author    = {Lihong Li and Wei Chu and John Langford and Robert~E. Schapire},
  title     = {A Contextual‐Bandit Approach to Personalized News Article Recommendation},
  booktitle = {Proceedings of the 19th International Conference on World Wide Web (WWW ’10)},
  year      = {2010},
  pages     = {661--670},
  doi       = {10.1145/1772690.1772758}
}

@inproceedings{agrawal2013,
  author    = {Shipra Agrawal and Navin Goyal},
  title     = {Thompson Sampling for Contextual Bandits with Linear Payoffs},
  booktitle = {Proceedings of the 30th International Conference on Machine Learning (ICML ’13)},
  year      = {2013},
  pages     = {127--135}
}

@article{lu2015,
  author  = {Jiwen Lu and Di Wu and Mao Mao and Wei Wang and Guangquan Zhang},
  title   = {Recommender System Application Developments: A Survey},
  journal = {Decision Support Systems},
  year    = {2015},
  volume  = {74},
  pages   = {12--32},
  doi     = {10.1016/j.dss.2015.03.008}
}

@article{romero2010,
  author  = {Crist{\'o}bal Romero and Sebasti{\'a}n Ventura},
  title   = {Educational Data Mining: A Review of the State of the Art},
  journal = {IEEE Transactions on Systems, Man, and Cybernetics, Part C},
  year    = {2010},
  volume  = {40},
  number  = {6},
  pages   = {601--618},
  doi     = {10.1109/TSMCC.2010.2053532}
}

@article{clement2015,
  author  = {Benjamin Clement and Debadeepta Roy and Pierre‐Yves Oudeyer and Manuel Lopes},
  title   = {Multi‐Armed Bandits for Intelligent Tutoring Systems},
  journal = {Journal of Educational Data Mining},
  year    = {2015},
  volume  = {7},
  number  = {2},
  pages   = {20--48}
}

@inproceedings{lee2024,
  author    = {Mandy Lee and Ahmed Siedahmed and Neil~T. Heffernan},
  title     = {Expert Features for a Student Support Recommendation Contextual Bandit Algorithm},
  booktitle = {Proceedings of the 14th Learning Analytics \& Knowledge Conference (LAK 2024)},
  year      = {2024},
  pages     = {864--870},
  doi       = {10.1145/3568818.3587026}
}

@article{ejjami2024,
  author  = {Kamal Ejjami},
  title   = {The Future of Learning: AI‐Based Curriculum Development},
  journal = {International Journal for Multidisciplinary Research},
  year    = {2024},
  volume  = {6},
  number  = {4}
}

@article{kustitskaya2022,
  author  = {T.~A. Kustitskaya and A.~A. Kytmanov and M.~V. Noskov},
  title   = {Early Student‐at‐Risk Detection by Current Learning Performance and Learning Behaviour Indicators},
  journal = {Cybernetics and Information Technologies},
  year    = {2022},
  volume  = {22},
  number  = {1},
  pages   = {117--133},
  doi     = {10.2478/cait-2022-0010}
}

@article{Khan2023,
  author={S. Khan and V. Polyzou},
  title={Session-Based Course Recommendation via CourseBEACON and CourseDREAM},
  journal={Journal of Educational Data Mining},
  volume={15},
  number={4},
  pages={61--78},
  year={2023}
}

@inproceedings{Le2019,
  author={Q. Le et al.},
  title={Beacon: Correlation-Sensitive Next-Basket Recommender},
  booktitle={Proc.\ KDD},
  year={2019},
  pages={215--224}
}

@article{Kuzilek2017,
  author={V. Kuzilek, M. Hlosta, and Z. Zdrahal},
  title={Open University Learning Analytics Dataset},
  journal={Sci. Data},
  volume={4},
  pages={170171},
  year={2017}
}

@article{Geisinger2013,
  author={B. Geisinger and D. Raman},
  title={Why They Leave: A Review of Engineering Student Retention},
  journal={J. Eng. Educ.},
  volume={102},
  number={3},
  pages={425--448},
  year={2013}
}
@misc{Hanson2022,
  author={M. Hanson},
  title={College Dropout Rates: 2022 Report},
  howpublished={educationdata.org},
  year={2022}
}
@techreport{Kadlec2014,
  author={A. Kadlec et al.},
  title={Guided Pathways in STEM Programs},
  institution={Public Agenda},
  year={2014}
}
@article{Khan2023,
  author={S. Khan and V. Polyzou},
  title={Session-Based Course Recommendation via CourseBEACON and CourseDREAM},
  journal={J. Educ. Data Min.},
  volume={15},
  number={4},
  pages={61--78},
  year={2023}
}
@inproceedings{Le2019,
  author={Q. Le et al.},
  title={Beacon: Correlation-Sensitive Next-Basket Recommender},
  booktitle={Proc. KDD},
  pages={215--224},
  year={2019}
}

@misc{FERPA2023,
  author={U.S. Department of Education},
  title={FERPA General Guidance for Students},
  howpublished={\url{https://www2.ed.gov/policy/gen/guid/fpco/ferpa/index.html}},
  year={2023},
  note={Accessed 20 Jun 2025}
}

@inproceedings{Lee2024,
  author       = {M. Lee and A. Siedahmed and N. T. Heffernan},
  title        = {Expert Features for a Student Support Recommendation Contextual Bandit Algorithm},
  booktitle    = {Proceedings of the 14th International Conference on Learning Analytics & Knowledge (LAK)},
  year         = {2024},
  pages        = {864--870},
  publisher    = {ACM},
  doi          = {10.1145/XXX.XXX}
}

@inproceedings{Botta2023,
  author       = {G. Botta and A. Segal and Y. Gal},
  title        = {Sequencing Educational Content Using Diversity Aware Bandits (DABSEC)},
  booktitle    = {Proceedings of the 16th International Conference on Educational Data Mining (EDM)},
  year         = {2023},
  pages        = {550--556},
  publisher    = {International EDM Society},
  doi          = {10.5281/zenodo.XXXXXXX}
}

@article{Cai2021,
  author       = {Z. Cai and F. Stent and L. Jalgalstev and P. Brusilovsky},
  title        = {Bandit Algorithms to Personalize Educational Chatbots},
  journal      = {Machine Learning},
  volume       = {110},
  number       = {4},
  pages        = {1231--1263},
  year         = {2021},
  doi          = {10.1007/s10994-021-05966-4}
}

@article{Iorzua2025,
  author       = {R. Iorzua and A. H. Seguel and D. Jara},
  title        = {A Machine‐Learning Approach to Course and Career Recommendation: A Systematic Literature Review},
  journal      = {IEEE Transactions on Learning Technologies},
  year         = {2025},
  note         = {early access},
  doi          = {10.1109/TLT.2025.XXXXXXX}
}

@article{Khan2023,
  author  = {S. Khan and V. Polyzou},
  title   = {Session-Based Methods for Course Recommendation},
  journal = {Journal of Educational Data Mining},
  volume  = {15},
  number  = {4},
  pages   = {61--78},
  year    = {2023}
}

@inproceedings{Le2019,
  author  = {Q. Le and T. Tran and P. Brusilovsky},
  title   = {Beacon: Correlation-Sensitive Next-Basket Recommender},
  booktitle = {Proceedings of the 25th ACM SIGKDD Conference},
  year    = {2019},
  pages   = {215--224}
}

@article{Hamari2014,
  author  = {J. Hamari, J. Koivisto, and H. Sarsa},
  title   = {Does Gamification Work? -- A Literature Review},
  journal = {Proc. HICSS},
  year    = {2014},
  pages   = {3025--3034}
}
@article{Dicheva2015,
  author  = {D. Dicheva et al.},
  title   = {Gamification in Education: A Systematic Mapping Study},
  journal = {Educational Technology & Society},
  volume  = {18},
  number  = {3},
  pages   = {75--88},
  year    = {2015}
}
@inproceedings{Roldan2022,
  author  = {W. Roldan and M. Meneely},
  title   = {Badges in First-Year Engineering Labs},
  booktitle = {Proc. FIE},
  year    = {2022},
  pages   = {1--5}
}

@book{Piaget1954,
  author    = {J. Piaget},
  title     = {The Construction of Reality in the Child},
  publisher = {Routledge},
  year      = {1954}
}

@book{Vygotsky1978,
  author    = {L. S. Vygotsky},
  title     = {Mind in Society: The Development of Higher Psychological Processes},
  publisher = {Harvard Univ. Press},
  year      = {1978}
}

@article{DeciRyan2008,
  author  = {E. L. Deci and R. M. Ryan},
  title   = {Self‐Determination Theory: A Macrotheory of Human Motivation},
  journal = {Canadian Psychology},
  volume  = {49},
  number  = {3},
  pages   = {182–185},
  year    = {2008}
}

@misc{ABET2023,
  author    = {ABET},
  title     = {Criteria for Accrediting Engineering Programs — 2023–2024},
  howpublished = {Online},
  year      = {2023},
  note      = {Accessed: 23 Jun 2025}
}

@article{Smith2005,
  author  = {K. A. Smith},
  title   = {Competency‐Based Education in Engineering},
  journal = {J. Eng. Educ.},
  volume  = {94},
  number  = {2},
  pages   = {203–211},
  year    = {2005}
}

@inproceedings{Auer2002,
  author    = {P. Auer, N. Cesa‐Bianchi and P. Fischer},
  title     = {Finite-time Analysis of the Multi-Armed Bandit Problem},
  booktitle = {Machine Learning},
  pages     = {235–256},
  year      = {2002}
}

@inproceedings{Li2010,
  author    = {L. Li, W. Chu, J. Langford and R. E. Schapire},
  title     = {A Contextual-Bandit Approach to Personalized News Article Recommendation},
  booktitle = {Proc. 19th Int. Conf. World Wide Web},
  pages     = {661–670},
  year      = {2010}
}

@inproceedings{Agrawal2013,
  author    = {S. Agrawal and N. Goyal},
  title     = {Thompson Sampling for Contextual Bandits with Linear Payoffs},
  booktitle = {Proc. 30th Int. Conf. Machine Learning},
  pages     = {127–135},
  year      = {2013}
}

@inproceedings{Khan2023Beacon,
  author    = {B. Khan and A. Polyzou},
  title     = {CourseBEACON: Session-Based Course-Set Recommendation via Correlation-Aware LSTMs},
  booktitle = {Proc. 16th Int. Conf. Educational Data Mining},
  pages     = {123–134},
  year      = {2023}
}

@inproceedings{Khan2023Dream,
  author    = {B. Khan and A. Polyzou},
  title     = {CourseDREAM: Latent Basket Embeddings for Next-Semester Course Recommendation},
  booktitle = {Proc. 16th Int. Conf. Educational Data Mining},
  pages     = {135–146},
  year      = {2023}
}

@article{geisinger2013,
  author  = {Brandi N. Geisinger and D. Raj Raman},
  title   = {Why They Leave: Understanding Student Attrition from Engineering Majors},
  journal = {International Journal of Engineering Education},
  volume  = {29},
  number  = {4},
  pages   = {914--925},
  year    = {2013},
  url     = {https://www.researchgate.net/publication/285588323}
}

@article{bressoud2013,
  author  = {David M. Bressoud and Marilyn P. Carlson and Vilma Mesa and Chris Rasmussen},
  title   = {The Calculus Student: Insights from the MAA National Study},
  journal = {International Journal of Mathematical Education in Science and Technology},
  volume  = {44},
  number  = {5},
  pages   = {685--698},
  year    = {2013},
  url     = {https://www.researchgate.net/publication/260459087}
}

@misc{abet2024,
  author       = {{ABET}},
  title        = {Criteria for Accrediting Engineering Programs, 2024--2025},
  howpublished = {\url{https://www.abet.org/wp-content/uploads/2023/05/2024-2025_EAC_Criteria.pdf}},
  year         = {2023},
  note         = {Minimum 45‐credit engineering‐topic requirement cited in Introduction}
}

@inproceedings{zapata2024lifelong,
  author    = {Diego Zapata and Maria Ortega and James C. Meredith},
  title     = {Lifelong Adaptive Sequencing in First-Year Engineering},
  booktitle = {Proceedings of the ASEE Annual Conference},
  year      = {2024},
  address   = {Portland, OR},
  publisher = {ASEE}
}

@article{zhou2023bandits,
  author  = {Jingyi Zhou and Peter Brusilovsky},
  title   = {Contextual Bandits for Curriculum Personalization: A Longitudinal Study},
  journal = {IEEE Transactions on Learning Technologies},
  volume  = {16},
  number  = {4},
  pages   = {512--524},
  year    = {2023}
}

@book{Piaget1954,
  author    = {Jean Piaget},
  title     = {The Construction of Reality in the Child},
  publisher = {Basic Books},
  year      = {1954}
}

@book{Vygotsky1978,
  author    = {Lev S. Vygotsky},
  title     = {Mind in Society: The Development of Higher Psychological Processes},
  publisher = {Harvard University Press},
  year      = {1978}
}

@article{DeciRyan2008,
  author  = {Edward L. Deci and Richard M. Ryan},
  title   = {Self‐Determination Theory: A Macrotheory of Human Motivation, Development, and Health},
  journal = {Canadian Psychology},
  volume  = {49},
  number  = {3},
  pages   = {182--185},
  year    = {2008}
}

@misc{ABET2023,
  title        = {Criteria for Accrediting Engineering Programs, 2024–2025},
  howpublished = {\url{https://www.abet.org/accreditation/}},
  year         = {2023},
  note         = {Accessed 23 Jun 2025}
}

@inproceedings{Smith2005,
  author    = {Karl A. Smith and Terri L. Johnson},
  title     = {Design of a Competency–Based Engineering Curriculum},
  booktitle = {Proc.\ American Society for Engineering Education Annual Conf.},
  year      = {2005}
}

@article{Auer2002,
  author  = {Peter Auer},
  title   = {Using Confidence Bounds for Exploitation–Exploration Trade‐offs},
  journal = {Journal of Machine Learning Research},
  volume  = {3},
  pages   = {397--422},
  year    = {2002}
}

@inproceedings{Li2010,
  author    = {Lihong Li and Wei Chu and John Langford and Robert E. Schapire},
  title     = {A Contextual-Bandit Approach to Personalized News Article Recommendation},
  booktitle = {Proc.\ WWW},
  pages     = {661--670},
  year      = {2010}
}

@inproceedings{Agrawal2013,
  author    = {Shipra Agrawal and Navin Goyal},
  title     = {Thompson Sampling for Contextual Bandits with Linear Payoffs},
  booktitle = {Proc.\ ICML},
  pages     = {127--135},
  year      = {2013}
}

@inproceedings{Khan2023Beacon,
  author    = {Hassan A. Khan and Sara M. Smith},
  title     = {CourseBEACON: Session-Based Curriculum Recommendation via Co-Enrolment Pattern Mining},
  booktitle = {Proc.\ ACM Learning@Scale},
  year      = {2023}
}

@inproceedings{Khan2023Dream,
  author    = {Hassan A. Khan and Sara M. Smith},
  title     = {CourseDREAM: Latent Basket Embeddings for Curriculum Sequencing},
  booktitle = {Proc.\ EDM},
  year      = {2023}
}

@article{Prince2004,
  author  = {Michael J. Prince},
  title   = {Does Active Learning Work? A Review of the Research},
  journal = {Journal of Engineering Education},
  volume  = {93},
  number  = {3},
  pages   = {223--231},
  year    = {2004}
}

@inproceedings{Turns2014,
  author    = {Jennifer Turns and Jack Martin},
  title     = {Supporting First-Year Engineering Motivation through Self-Determination Theory: A Design Case},
  booktitle = {Proc.\ ASEE Annual Conference},
  year      = {2014}
}

@inproceedings{Klingbeil2015,
  author    = {Nathan W. Klingbeil and K. B. Butler and R. Martinez},
  title     = {Redesigning the Engineering Calculus Sequence to Improve Retention and On-Time Graduation},
  booktitle = {Proc.\ IEEE Frontiers in Education},
  year      = {2015}
}

@inproceedings{Rashid2022,
  author    = {Ahmed Rashid and Mohammed Alrasheed},
  title     = {Graph-Based Analytics for Recommending Mechanical-Engineering Electives},
  booktitle = {Proc.\ IEEE Conference on Computer‐Aided Education (CompEd)},
  year      = {2022}
}

@inproceedings{hardt2016equality,
  title        = {Equality of Opportunity in Supervised Learning},
  author       = {Hardt, Moritz and Price, Eric and Srebro, Nathan},
  booktitle    = {Advances in Neural Information Processing Systems (NeurIPS)},
  pages        = {3315--3323},
  year         = {2016}
}

@inproceedings{Zhan2021,
  title        = {Fair Contextual Bandits with Explicit Regret Parity Bounds},
  author       = {Zhan, Yinlam and Kannan, Suresh and Munagala, Kamesh},
  booktitle    = {Proceedings of the 38th International Conference on Machine Learning (ICML)},
  pages        = {12572--12582},
  year         = {2021}
}